<?xml version="1.0" encoding="UTF-8"?><record xmlns="http://www.loc.gov/MARC21/slim" xmlns:cinclude="http://apache.org/cocoon/include/1.0" xmlns:zs="http://www.loc.gov/zing/srw/">
  <leader>00416nz  a2200121n  4500</leader>
  <controlfield tag="001">n 2009030234</controlfield>
  <controlfield tag="003">DLC</controlfield>
  <controlfield tag="005">20090516075213.0</controlfield>
  <controlfield tag="008">090515n| acannaabn          |n aaa      </controlfield>
  <datafield tag="010" ind1=" " ind2=" ">
    <subfield code="a">n 2009030234</subfield>
  </datafield>
  <datafield tag="040" ind1=" " ind2=" ">
    <subfield code="a">DLC</subfield>
    <subfield code="b">eng</subfield>
    <subfield code="c">DLC</subfield>
  </datafield>
  <datafield tag="100" ind1="1" ind2=" ">
    <subfield code="a">Oswald, John,</subfield>
    <subfield code="d">1953-</subfield>
    <subfield code="t">Time to hear for here.</subfield>
    <subfield code="k">Selections</subfield>
  </datafield>
  <datafield tag="670" ind1=" " ind2=" ">
    <subfield code="a">Musicworks. 98 [SR] 2007:</subfield>
    <subfield code="b">insert (A time to hear for here: Qui, eight altos test ; Qui reverb demo ; Extinction gong)</subfield>
  </datafield>
</record>